3038 5024
223 300 266 363 84
522 299 556 356 Η.
581 300 639 353 Das
656 298 818 353 Verhitltnis
837 318 870 352 zu
889 299 943 352 den
963 298 1088 364 Qnellen.

222 466 269 514 tur
283 460 435 530 imperium.
460 466 484 513 7.
497 475 541 514 eos
555 461 644 527 etiam,
698 460 878 514 tior-bensibus
912 461 1036 529 maniter
1072 461 1163 515 iratus
1200 464 1265 514 esset
1295 461 1389 531 bisque

221 552 270 619 oui
283 550 417 619 deportati
430 549 549 615 fuerant,
568 565 643 603 reuo-
697 551 851 616 spectacula
870 550 1021 603 sustulisset
1041 553 1065 602 et
1083 550 1171 603 multa
1189 549 1247 603 alia
1265 550 1391 604 ciuitatis

222 639 283 692 cari
300 639 388 704 iussit,
406 655 466 692 curn
484 640 646 707 paucissimi
698 643 872 703 ornamenta,
903 654 972 706 quae
996 643 1091 706 postca
1113 638 1240 693 reddidit.
1270 669 1300 677 -
1328 643 1388 705 s‚5

222 728 487 795 centurionescapitc
496 733 581 782 essem
593 745 643 796 pu·
700 732 859 795 amatusque
886 732 924 780 est
949 727 984 780 ab
1010 728 1135 782 omnibus
1162 727 1341 781 orientalibus
1364 733 1390 782 et

221 816 283 870 niti.
312 821 335 868 8.
356 817 464 883 ipnouit
481 822 506 870 et
524 817 640 871 ciuitati·
699 816 840 883 speciatim
873 817 908 869 ab
940 816 1182 884 Antiochensibus,
1220 817 1268 885 qui
1307 817 1390 870 etiam

223 905 286 971 bus,
309 922 378 973 quae
398 903 492 960 (laesio
510 922 645 960 consense-
698 904 812 972 imperio
830 905 890 958 eius
907 909 1111 971 consessorum,
1131 910 1163 958 ut
1180 906 1255 959 docet
1274 904 1390 960 Marius

222 993 645 1061 rant,ipnouitetAntiocltcnsi·
699 991 844 1046 Miruimus
873 994 905 1046 iu
934 995 996 1048 uita
1025 994 1088 1047 diui
1123 994 1225 1048 Marci.
1254 1025 1288 1034 -
1318 1001 1347 1062 9,
1371 1001 1388 1048 2

223 1085 282 1151 bus,
300 1085 349 1152 qui
366 1085 453 1137 multa
470 1084 503 1136 in
517 1083 645 1138 Marcum
698 1082 770 1146 filios
809 1082 909 1137 Auidii
946 1082 1036 1137 (lossii
1074 1084 1234 1138 Antoninus
1271 1084 1390 1137 Marcus

220 1189 272 1240 pro
288 1171 381 1226 Oassio
394 1173 530 1226 teneram.
551 1178 574 1228 9.
586 1173 645 1240 qui·
694 1176 775 1238 parte
809 1172 898 1226 media
928 1173 1042 1240 paterni
1068 1172 1235 1242 patrimonii
1265 1173 1391 1237 donauit,

222 1261 272 1315 bus
286 1267 311 1315 et
323 1261 477 1330 spectacula
491 1266 515 1314 et
530 1277 645 1314 conuen-
699 1260 740 1314 ita
763 1266 795 1313 ut
819 1261 894 1326 filias
913 1262 971 1315 eius
988 1276 1071 1327 auro,
1099 1265 1211 1329 arpenta
1234 1266 1259 1314 et
1280 1262 1391 1329 pemmis

222 1356 267 1403 tus
271 1351 399 1419 publicos
411 1351 512 1404 tulerat
526 1335 654 1404 domni-¹
699 1349 887 1404 coltonestaret
925 1355 941 1402 3
960 1366 1024 1403 nam
1043 1354 1068 1403 et
1091 1349 1297 1418 Alexandriae,
1316 1351 1392 1416 filiae

222 1441 536 1508 umcontionumpenus,
550 1445 646 1494 contra
700 1436 802 1505 (lossii,
827 1443 851 1491 et
875 1454 970 1507 penora
994 1439 1160 1493 Drsmciano
1187 1439 1299 1493 liberam
1326 1455 1390 1493 oua

222 1544 289 1596 quos
313 1529 430 1582 edictum
452 1529 646 1598 pronissimum
698 1527 795 1594 pandi,
813 1528 863 1581 ubi
883 1528 992 1595 uellent,
1006 1532 1164 1596 potestatem
1181 1528 1262 1582 dedit.
1301 1533 1327 1583 4.
1346 1529 1389 1581 ui·

223 1617 304 1671 misit.
339 1621 379 1669 10.
398 1617 540 1671 seditiosos
557 1625 647 1672 autem
699 1621 850 1684 oceruntque
876 1632 933 1670 non
959 1617 1040 1685 quasi
1067 1618 1182 1686 tyranni
1199 1618 1322 1688 pipnora
1345 1618 1392 1671 sed

223 1720 266 1759 eos
280 1710 305 1758 et
318 1706 407 1758 oratio
422 1706 519 1760 Marci
531 1706 647 1772 indicat,
700 1707 781 1773 quasi
803 1707 934 1759 senatorii
965 1707 1072 1760 ordinis
1099 1708 1131 1760 in
1158 1723 1263 1760 summa
1289 1707 1390 1761 seueri·

223 1811 277 1862 qua
295 1795 341 1847 illc
356 1809 422 1848 usus
436 1798 474 1846 est
488 1795 565 1864 apud
578 1795 646 1848 ami·
700 1798 762 1862 tate,
786 1810 848 1848 cum
868 1795 926 1849 illis
945 1796 1027 1849 etiam
1047 1796 1079 1849 in
1098 1796 1145 1849 lite
1162 1796 1233 1850 obici
1249 1797 1391 1862 fortunam

223 1898 273 1936 eos.
304 1887 345 1936 11.
360 1883 475 1952 denique
489 1883 646 1936 noluitAn·
696 1884 829 1950 propriae
849 1885 978 1937 uetuisset
996 1886 1104 1950 domm,
1127 1884 1266 1938 damnatis
1290 1885 1392 1954 aliqui·

222 1972 350 2026 tiocbiam
360 1971 646 2042 uiderecumdpriam
701 1972 750 2025 bus
768 1972 950 2039 iniuriarum,
970 1973 1019 2041 qui
1040 1974 1072 2025 iu
1092 1989 1135 2026 eos
1148 1975 1303 2042 petulantes
1320 1974 1390 2040 suis·

220 2066 295 2130 peter
321 2103 326 2114 .
348 2091 380 2099 —
401 2090 433 2099 —
454 2064 647 2129 26‚1postea
700 2065 765 2114 scut.
794 2077 859 2130 quos
877 2063 984 2130 quidem
1002 2063 1102 2115 amitae
1119 2077 1186 2116 suae
1204 2063 1303 2116 marito
1322 2077 1392 2116 corn·

221 2149 580 2203 tamenAntiocbiamuidit.
595 2155 646 2202 2-
701 2150 848 2204 ruendauit.

225 2243 266 2291 11.
288 2243 320 2289 12
338 2237 393 2303 filii
414 2241 504 2292 autem
524 2237 601 2292 (lassi
623 2244 648 2293 et

223 2327 342 2394 amplius
364 2326 453 2383 media
474 2331 556 2394 parte
575 2341 647 2380 accc-

219 2414 648 2485 peruntpatcrnipotrimouii,et

222 2519 292 2558 auro
311 2508 391 2572 atque
409 2508 523 2572 arpenta
546 2504 648 2571 adiuti,

223 2593 347 2647 mulieres
365 2597 453 2647 autem
468 2593 549 2646 etiam
566 2607 647 2646 orna·

222 2684 332 2738 mentis:
359 2683 401 2736 ita
423 2687 455 2735 ut
473 2682 648 2736 Alexandria

222 2773 284 2840 filia
303 2771 393 2839 Gaesi,
417 2777 443 2826 ct
466 2771 649 2825 Druncianus

222 2878 302 2929 pener
322 2861 434 2915 liberam
453 2861 578 2930 uapandi
597 2876 647 2928 po-

222 2955 343 3004 testatem
365 2950 493 3004 baberent
515 2965 646 3003 common-

223 3039 285 3092 dati
302 3038 402 3091 amitae
419 3039 528 3091 marito.

311 3129 375 3193 ltin
385 3129 512 3193 zweites
522 3128 664 3212 Beispiel
674 3127 854 3215 (Adoption
864 3129 929 3193 und
938 3128 1007 3192 Tod
1017 3129 1073 3193 des
1083 3128 1210 3216 Aelius)
1220 3131 1390 3196 enbnehme

222 3237 276 3301 ich
291 3259 348 3300 aus
368 3236 429 3298 den
443 3235 681 3319 Biographieen
699 3236 905 3300 desselben
919 3235 1104 3300 Verfassers
1124 3236 1195 3324 (des
1211 3235 1390 3324 Spartiun):

261 3360 292 3414 V.
302 3358 388 3413 Hadr.
400 3363 441 3426 23,
459 3363 490 3410 12
512 3357 551 3412 Ob
570 3359 649 3412 cuius
739 3359 770 3411 V.
792 3359 850 3412 Ael.
870 3363 930 3426 3,2
950 3357 1102 3428 Statimque
1120 3366 1234 3428 praetor
1258 3361 1349 3426 factus
1367 3364 1393 3414 et

223 3449 395 3518 adoptionem
418 3447 496 3500 ludos
519 3448 649 3501 circenses
705 3445 861 3501 Pannoniis
886 3449 944 3503 dua
972 3465 1005 3502 ac
1032 3454 1119 3502 rector
1148 3449 1300 3518 inpositus,
1327 3463 1392 3502 mou

223 3540 298 3593 dedit
316 3544 341 3591 et
365 3537 527 3591 donatiuum
544 3537 648 3606 populo
702 3536 797 3590 consul
820 3542 926 3592 creatus
949 3542 987 3605 et,
1009 3538 1075 3606 quia
1100 3543 1160 3592 erat
1178 3539 1323 3606 deputatus
1340 3537 1391 3589 im-

223 3645 257 3682 ac
274 3628 409 3681 militibus
430 3626 566 3694 expendit.
605 3631 646 3679 13.
700 3626 792 3692 perio,
809 3625 908 3679 iterum
926 3626 1020 3680 consul
1038 3627 1196 3696 desipuotus
1213 3631 1259 3680 est.
1297 3629 1322 3678 3.
1341 3625 1392 3678 da-

224 3734 300 3785 qucm
310 3716 603 3787 praeturabonorauit
617 3731 650 3769 oc
702 3719 759 3768 tum
787 3715 868 3768 etiem
891 3715 996 3783 populo
1023 3716 1195 3784 conpiarium
1222 3731 1306 3769 causa
1333 3715 1392 3768 eius

222 3807 317 3860 statim
345 3805 500 3858 Pannoniis
526 3805 649 3873 inposuit
702 3803 1073 3874 adoptionis-conlatumque
1089 3804 1223 3858 militibus
1241 3804 1392 3858 sestertium

224 3896 328 3950 decreto
344 3894 489 3948 consulatu
503 3910 563 3947 eum
577 3910 648 3948 sum·
702 3895 742 3946 ter
759 3892 860 3959 milies,
879 3892 1008 3945 circenses
1026 3893 1100 3946 editi.
1121 3924 1151 3930 —
1173 3898 1202 3960 6,
1223 3898 1236 3945 1
1259 3893 1315 3946 Pro
1334 3893 1393 3947 cius

219 3985 323 4052 ptibus.
355 3983 468 4037 eundem
477 3981 649 4036 Commodum
703 3982 848 4049 adoptione
861 3981 1001 4047 infinitam
1016 3983 1161 4050 pecuniam
1176 3982 1280 4050 populo
1298 3987 1323 4036 et
1340 3983 1392 4035 mi-

222 4071 647 4139 secundoconsulemdesipnauit.
703 4071 798 4123 litibus
815 4070 983 4124 Hadrianus
1006 4070 1087 4124 dedit.
1119 4071 1166 4124 sed
1188 4085 1249 4124 cum
1271 4085 1330 4124 eum
1348 4070 1392 4123 ui·

224 4176 301 4227 quem
315 4177 375 4212 oum
389 4160 481 4213 minus
494 4175 593 4213 sanum
606 4161 649 4212 ui·
703 4159 775 4212 deret
795 4160 872 4212 ltomo
886 4160 974 4227 paulo
988 4159 1113 4228 arputior
1133 4159 1301 4213 miserrimae
1317 4158 1393 4212 ualc-

223 4248 307 4312 derct,
325 4249 480 4314 saepissime
495 4249 648 4302 dictitauit:
703 4248 822 4314 tudinis,
848 4249 890 4301 ita
907 4254 939 4301 ut
957 4253 1063 4301 scutum
1080 4248 1197 4302 solidius
1215 4249 1318 4302 iactare
1336 4263 1394 4301 non
1453 4316 1456 4321 .

226 4337 274 4390 ‘In
292 4337 426 4390 caducum
444 4337 577 4406 parietem
600 4354 650 4392 nos
698 4343 805 4405 posset,
830 4338 932 4391 dixisse
954 4338 1054 4403 fertur:
1076 4336 1141 4390 ‘Ter
1163 4337 1251 4390 milies
1269 4337 1393 4406 perdidi·

223 4425 423 4481 inclinauimus
438 4431 462 4478 et
476 4426 649 4494 perdidimus
703 4441 775 4493 mus,
795 4427 867 4495 quod
885 4427 1015 4480 euerritui
1029 4426 1184 4495 populoque
1202 4426 1394 4496 dependimus;

1494 4428 1508 4455 S
