3038 5024
169 296 212 360 86
474 295 507 349 11.
531 295 587 348 Das
605 293 768 348 Verhtltnis
786 313 819 348 zu
838 294 893 349 den
911 293 1038 359 Quollom

206 457 297 527 Spart.
309 456 369 511 Car.
380 464 409 524 2,
421 462 435 511 7
441 456 639 525 paremilitum
649 456 725 524 apud
815 455 925 524 Lampe.
942 453 1004 509 Get.
1020 461 1050 523 6,
1066 460 1079 507 1
1102 453 1195 510 Occiso
1217 471 1248 509 eo
1269 471 1340 523 pars

169 546 270 601 Albam
307 547 402 601 Getam
433 547 551 601 occisum
582 545 726 615 asperrime
779 545 907 612 militum,
926 543 1169 614 quaeineorruptn
1186 549 1255 608 erat,
1269 560 1338 613 par·

101 626 110 649 ⁸
170 637 287 703 aceepit,
315 635 467 689 dicentibus
494 635 599 689 sunnis
621 634 727 688 duobus
780 634 911 688 rieidium
929 633 1074 702 asperrime
1092 633 1206 701 aceepit,
1224 633 1338 687 disenti-

170 740 197 777 se
219 724 300 790 fidem
322 725 477 792 promisisse
502 724 595 778 liberis
621 722 727 790 Seueri,
781 724 831 778 lus
849 723 955 777 emistis
979 723 1086 776 duobus
1103 738 1131 777 se
1148 722 1242 777 liberis
1259 722 1339 789 tidem

170 813 276 867 duobus
302 829 413 867 seruare
439 813 544 881 debere,
577 811 728 880 clausisque
779 812 949 880 promisisse,
978 812 1084 866 duobus
1105 827 1215 866 seruare
1237 811 1339 879 delere,

167 902 257 970 portis
284 902 333 955 diu
361 902 508 971 imperator
537 917 595 955 non
626 900 726 955 admis-
781 901 934 968 clausisque
949 903 1039 968 portis
1057 902 1108 957 diu
1125 916 1182 955 uon
1200 905 1238 955 est
1252 901 1340 979 ¹impe·

170 1006 217 1045 sus
240 990 297 1044 nisi
319 991 443 1044 delenitis
466 991 581 1057 animis,
604 1005 662 1043 non
686 1005 727 1043 so·
781 989 1006 1043 ratoradmissus.
1024 990 1140 1059 denique
1150 990 1207 1044 nisi
1215 990 1340 1059 querellis

171 1081 227 1134 lum
245 1079 370 1148 querellis
383 1080 416 1133 de
430 1078 499 1133 Geta
516 1082 541 1132 et
559 1079 727 1133 criminatio·
781 1080 813 1133 de
828 1078 897 1132 Geta
910 1078 990 1132 editis
1009 1083 1034 1132 et
1047 1079 1149 1132 animis
1162 1079 1341 1133 militumde·

171 1169 253 1224 nilus
276 1168 356 1223 editis
378 1168 424 1221 sed
445 1168 601 1222 inormitate
627 1168 728 1236 stipen-
782 1167 886 1232 lenitis,
914 1168 1068 1222 inormibus
1090 1168 1172 1223 emam
1196 1167 1340 1237 stipendiis

171 1259 214 1312 dii
232 1258 381 1324 militibus,
399 1262 431 1311 ut
448 1256 522 1324 solet,
537 1257 667 1325 pluentis,
686 1262 728 1312 at·
781 1256 855 1310 datis
872 1254 988 1310 Romam
1002 1255 1159 1311 Bassianus
1176 1256 1266 1310 redire
1283 1271 1341 1311 nou

171 1362 222 1415 que
247 1347 312 1401 inde
336 1345 451 1399 Romam
475 1345 553 1401 redit.
589 1350 656 1400 tune
678 1345 728 1400 sul
778 1346 878 1415 potuit.
915 1351 994 1399 2-4.
1014 1349 1030 1399 5
1049 1347 1107 1414 ipse
1125 1350 1215 1400 autum
1232 1350 1341 1400 tautum

172 1440 244 1489 ueste
261 1435 401 1489 senatoria
419 1435 531 1489 loricam
549 1435 650 1490 liabens
668 1451 729 1489 oum
782 1434 891 1502 timuit,
910 1439 942 1488 ut
965 1435 1078 1489 lorieam
1097 1435 1148 1489 suli
1167 1434 1224 1489 lato
1241 1434 1342 1488 lolius

172 1526 288 1576 armatis
323 1523 457 1578 militibus
488 1523 595 1579 ennam
626 1524 728 1593 inpres-
782 1524 862 1578 clauo
876 1524 959 1577 etiam
972 1523 1079 1577 suriam
1091 1524 1128 1577 sit
1141 1523 1280 1592 impressus
1297 1527 1340 1577 at-

171 1628 219 1666 sus
236 1617 282 1667 est.
783 1629 833 1682 que
855 1613 897 1666 ita
919 1613 1053 1667 rationem
1075 1613 1146 1679 faeti
1163 1613 1209 1666 sui
1225 1618 1251 1667 et
1268 1613 1343 1668 neeis

785 1703 895 1758 Geticae
912 1701 1070 1756 reddiderit.

261 1828 418 1892 Zweitens
433 1852 490 1893 eus
505 1829 637 1893 solchen
656 1830 712 1893 der
730 1829 949 1894 niimliehen
962 1827 1131 1893 versasser
1154 1825 1265 1915 (sogor
1283 1852 1341 1894 aus

172 1935 379 1999 denselben
401 1934 527 2022 Vstsssslt

209 2056 298 2126 Spart.
314 2058 399 2113 Hadr.
417 2064 457 2126 15,
473 2065 490 2112 8
504 2058 670 2113 Seruianum
688 2077 729 2114 so·
819 2061 862 2125 25,
877 2064 893 2113 8
912 2058 970 2113 Sub
988 2059 1049 2129 ipso
1067 2059 1163 2113 niortis
1181 2062 1299 2128 tempore
1318 2065 1343 2114 et

172 2146 245 2199 roris
262 2146 354 2200 uirum
377 2149 581 2218 nouapesimmn
604 2149 661 2203 iam
679 2166 730 2202 on·
784 2148 952 2202 Seruianum
974 2150 1129 2218 neriapinta
1151 2164 1239 2202 anuos
1261 2165 1342 2218 apen·

174 2251 240 2288 num
260 2241 393 2304 apentem,
411 2253 446 2290 ne
462 2237 517 2291 sibi
534 2239 730 2305 superuiueret,
784 2244 845 2306 tem,
863 2254 897 2291 ue
914 2239 969 2292 sibi
987 2237 1181 2306 suprauiueret
1198 2241 1295 2306 alque,
1312 2243 1344 2292 ut

173 2324 244 2377 mori
262 2325 353 2392 eoepit.
779 2327 909 2395 putabat,
918 2328 1072 2396 imperaret,
1083 2327 1152 2382 mori
1161 2326 1247 2395 eoepit
1256 2343 1279 2381 e.
1286 2345 1313 2395 q.
1321 2345 1342 2381 s.

784 2414 851 2485 (vgl.
867 2421 910 2484 os,
925 2422 956 2482 23
970 2418 1006 2484 s).

210 2500 300 2571 Capit.
310 2501 378 2555 Pius
392 2507 448 2570 22
467 2508 491 2557 et
504 2505 553 2573 qui
566 2505 730 2560 meritoNu·
821 2511 864 2568 13,
883 2511 900 2558 4
918 2510 943 2559 et
960 2505 1010 2573 qui
1026 2505 1079 2559 rite
1097 2508 1267 2572 comparetur
1280 2504 1342 2559 Nu-

174 2606 233 2644 mae
253 2591 390 2661 Pompilio
405 2609 438 2647 eu
452 2594 582 2649 bonorum
599 2595 733 2650 sententia
785 2610 851 2649 mae.

175 2687 352 2749 conparatur.

210 2769 601 2841 Lampr.Hel.35,2quorum
610 2774 731 2828 Alexan·
822 2772 899 2826 Alex.
921 2777 969 2840 64,
992 2776 1005 2823 1
1032 2770 1173 2824 Hactemes
1198 2771 1343 2839 imperium

176 2858 223 2912 der
246 2860 364 2926 optimus
387 2865 412 2916 et
437 2876 499 2915 eum
517 2877 585 2916 cura
603 2863 733 2918 dicendus
784 2879 812 2930 p.
832 2861 868 2915 R.
894 2878 954 2914 eum
974 2860 1129 2929 prinoipem
1153 2860 1266 2927 lubuit,
1294 2863 1343 2930 aui

176 2950 213 2998 est
232 2963 368 3003 annorum
386 2949 511 3004 tredecim
525 2951 667 3020 prineeps,
694 2968 732 3006 se·
786 2951 893 3006 diutius
915 2951 1076 3018 imperaret,
1095 2954 1159 3018 post
1176 2965 1236 3003 eum
1256 2954 1343 3004 certa-

175 3041 281 3091 matra
306 3039 357 3091 alii
374 3044 399 3092 et
420 3039 472 3092 uin
496 3041 586 3095 annui
608 3046 633 3095 et
659 3041 734 3109 limi,
787 3041 837 3095 tim
855 3040 1029 3094 inruentibus
1047 3039 1152 3094 etaliis
1164 3039 1345 3108 senatusue,

176 3123 347 3181 Aurelianus
360 3128 528 3196 praecipuus
546 3145 569 3184 e.
588 3147 614 3197 q.
635 3147 655 3186 s.
786 3130 852 3184 aliis
866 3129 979 3197 annuis,
988 3129 1126 3199 plerisque
1134 3143 1185 3196 per
1195 3127 1345 3197 biennium,

785 3220 823 3273 od
835 3234 969 3273 summum
978 3235 1031 3287 per
1044 3217 1195 3271 triennium
1207 3217 1344 3286 imperare»

785 3307 859 3361 tibus
883 3323 967 3376 usque
990 3308 1027 3360 od
1050 3322 1093 3361 eos
1113 3306 1270 3374 prinsipes,
1294 3308 1345 3376 qui

786 3396 871 3450 lolius
888 3396 1033 3464 imperium
1051 3395 1235 3464 tetenderunt,
1253 3394 1344 3451 Aure·

785 3485 893 3540 lienum
911 3485 971 3540 dieo
989 3488 1014 3538 et
1032 3485 1164 3554 deinceps

264 3608 343 3673 Dass
368 3610 444 3673 aber
467 3609 552 3675 disse
573 3595 943 3697 Ubereinstimmungen,
966 3610 1081 3699 soweit
1105 3609 1174 3675 sich
1197 3612 1253 3676 der
1271 3611 1346 3676 Bio-

177 3717 281 3802 graph
312 3715 403 3781 nieht
435 3716 538 3781 selbst
570 3717 759 3782 wiederholl
790 3719 860 3802 hat,
893 3718 928 3782 in
959 3719 1015 3782 der
1046 3717 1235 3784 wirlliehen
1264 3718 1346 3783 Ent·
1382 3704 1393 3721 ⁶

176 3822 321 3906 lehnung
343 3845 400 3886 aus
424 3823 480 3886 der
498 3821 638 3907 Varlage
662 3823 755 3886 ihren
774 3822 886 3887 Grimd
908 3823 1022 3909 haben,
1045 3825 1171 3909 ergiebt
1193 3825 1263 3889 sich
1287 3847 1345 3889 uus

177 3928 264 3991 einer
287 3927 389 3992 Reihe
417 3952 482 3994 von
504 3929 774 4013 Parallelstellen‚
802 3954 843 3994 an
871 3931 967 3995 deren
998 3930 1085 3996 einer
1110 3932 1184 4015 jene
1208 3928 1344 4018 (Marius

177 4034 352 4122 Maximus)
375 4034 600 4100 ausdeiisldieh
624 4036 732 4122 sitierit
754 4035 848 4100 wird:

213 4157 296 4211 Vule.
306 4156 387 4211 Auid.
398 4165 422 4224 6,
435 4165 525 4212 lnam
534 4165 558 4214 et
571 4175 632 4213 eum
642 4158 732 4212 Bueo
823 4154 912 4228 Capit.
923 4160 1006 4214 Mare.
1019 4165 1084 4228 21‚2
1096 4165 1120 4214 et
1128 4175 1190 4214 eum
1196 4176 1247 4227 per
1256 4158 1346 4232 Aepy·

180 4247 226 4299 liei
253 4246 351 4299 milites
375 4263 426 4314 per
453 4246 604 4318 Aeppptum
632 4249 734 4316 prauis
785 4253 864 4315 ptum
878 4248 1005 4303 Bueoliei
1023 4250 1121 4303 milites
1138 4249 1241 4317 prame
1258 4250 1347 4305 muda

179 4335 267 4388 multa
279 4334 408 4401 facerent,
427 4337 461 4389 ab
476 4336 524 4389 loo
541 4336 646 4390 retunsi
659 4341 732 4402 sum,
787 4337 921 4406 fecissent,
935 4353 987 4405 per
1005 4337 1142 4390 Auidium
1162 4335 1285 4391 Cassium
1303 4355 1345 4392 re·

179 4427 210 4477 ut
223 4422 293 4475 idem
311 4421 423 4476 Marius
441 4423 585 4479 Maximus
602 4425 692 4492 refert.
787 4426 863 4480 tunsi
880 4432 952 4480 sunt.
