3038 5024
548 308 707 364 Purallelen
725 308 765 362 im
786 308 899 384 1·.T⁰fl·
1267 309 1310 373 85

141 474 237 537 quater
274 469 372 524 millies
407 471 566 536 sestertium,
619 470 645 523 si
662 470 768 538 quidun
792 471 860 523 satis
885 470 916 524 in
933 471 1067 525 cadueurn
1080 473 1213 540 parietem
1232 473 1309 526 inou

142 558 213 627 quod
222 558 328 627 populo
337 563 362 613 et
372 559 507 613 militibus
513 575 566 628 pro
620 559 728 611 bainus
746 563 772 612 et
785 560 902 626 quinon
920 560 1010 627 ipsam
1028 576 1082 614 ren
1097 561 1247 629 publicoru,
1264 562 1311 616 sed

142 648 287 715 adoptione
320 647 461 702 Commodi
491 648 566 705 dedi·
620 662 670 700 uos
683 648 757 716 ipsos
770 653 921 703 sustentare
935 650 986 702 uin
998 649 1104 718 possit.’
1125 681 1158 688 -
1177 655 1202 716 4,
1218 653 1233 702 7
1252 651 1319 713 eius¹
1371 650 1377 663 ⁴

141 736 221 791 runs’
239 737 567 806 Commodusautemproe
621 737 744 790 consiliis
766 737 841 791 iuuit
864 744 984 792 uentus.
1020 755 1087 792 nono
1108 756 1169 793 curn
1192 738 1224 792 de
1245 755 1309 807 pro-

140 827 298 881 ualetudinc
315 842 365 880 uec
382 827 488 894 pretias
506 827 566 895 qui·
619 825 717 879 uincta
735 824 836 880 Helius
853 827 966 882 redisset
984 832 1063 896 otpru
1081 828 1230 883 orationem
1244 829 1308 896 pul·

141 918 200 971 dun
217 916 249 993 in
266 919 364 968 senatu
381 930 459 983 apere
472 916 565 984 potuit
619 914 796 982 clurinum,
819 931 889 983 quoe
906 915 1036 986 hodieque
1054 917 1169 985 lepitur,
1185 918 1244 971 siue
1257 933 1309 985 per

141 1005 291 1059 Hadriano
302 1003 334 1056 de
344 1002 496 1070 adoptione.
523 1007 564 1056 1s.
618 1018 646 1058 se
663 1019 710 1058 seu
724 1019 776 1072 per
794 1004 961 1059 scriniorum
975 1011 1025 1060 aut
1039 1006 1148 1060 dicendi
1165 1007 1309 1075 mapistros

141 1094 255 1162 deniqne
268 1095 376 1159 accepto
391 1092 498 1162 turpius
515 1108 564 1146 on·
616 1098 756 1162 parasset,
775 1110 831 1162 qua
848 1093 973 1147 kalendis
992 1095 1141 1148 Ianuariis
1159 1094 1309 1148 Hadriano

139 1183 225 1238 tidoto
238 1183 444 1250 inprauescente
459 1181 564 1235 uoletu-
614 1182 695 1248 patri
716 1183 824 1249 pretias
845 1188 949 1251 aperet,
976 1188 1086 1251 occepta
1104 1185 1229 1251 potione,
1253 1200 1309 1251 qua

139 1273 204 1327 dinc
213 1287 265 1340 per
273 1285 397 1324 somnum
407 1269 483 1337 perit
495 1269 564 1338 ipsis
617 1286 645 1324 se
663 1272 816 1324 aestinuret
834 1272 943 1338 iuuari,
973 1272 1096 1326 tutandis
1113 1273 1182 1340 ipsis
1200 1273 1308 1326 Ianno-

138 1361 272 1416 kalendis
287 1359 443 1414 Ianuariis.
480 1375 564 1428 quare
617 1359 669 1412 riis
692 1360 773 1428 perit.
810 1361 952 1429 iussusque
980 1362 1014 1414 ab
1043 1361 1212 1428 Hadriano,
1242 1362 1308 1429 quia

139 1450 564 1506 abHadridnouotorumcousa
618 1453 684 1503 noto
702 1449 932 1518 interueniebcnt,
950 1465 1007 1504 non
1026 1451 1120 1519 lupari.
1129 1449 1149 1520 ¹)

140 1539 227 1611 luperi
245 1543 282 1593 est
300 1538 408 1592 uetitus.

132 1666 135 1673 ’
201 1662 206 1673 ’
227 1665 273 1730 Es
288 1670 406 1750 mbgen
419 1662 560 1728 einzelne
575 1662 901 1728 iibereinstimmendc
917 1663 1027 1728 Silue
1046 1665 1164 1750 folgen‚
1183 1668 1307 1730 erstens

139 1796 196 1837 aus
220 1774 281 1836 den
303 1770 446 1835 Werken
469 1768 769 1834 verschiedener
791 1769 1009 1855 Biographen:

174 1896 266 1964 Spart.
282 1893 368 1948 Hadr.
383 1898 426 1961 24,
442 1898 458 1946 3
478 1891 517 1946 Et
536 1892 696 1945 Antoninus
787 1889 874 1961 Cupit.
884 1891 950 1947 Pius
964 1899 988 1961 2,
1009 1899 1024 1946 3
1045 1894 1117 1948 Pius
1134 1896 1305 1962 copuouuuo-

77 2015 78 2018 =
139 1986 245 2055 qudem
266 1982 339 2037 Pius
356 1983 459 2036 idcirco
478 1982 633 2049 appellatus
654 1983 694 2036 di·
749 1986 794 2035 tus
817 1986 854 2036 est
877 2000 895 2036 oc
917 1989 1028 2050 senatu,
1053 1984 1098 2038 uel
1125 1983 1197 2052 quod
1222 1984 1307 2037 soceri

138 2076 223 2140 citur,
246 2072 319 2143 quod
342 2086 463 2126 socerunc
485 2071 585 2136 fossum
609 2076 696 2125 aetate
748 2071 814 2137 sessi
842 2072 898 2124 iarn
921 2077 1035 2127 aetatem
1058 2089 1144 2127 uranu
1166 2077 1307 2141 praesente

138 2179 223 2217 nonu
240 2162 401 2216 subleuaret.
438 2160 565 2228 quamuis
583 2160 635 2214 olii
653 2175 695 2215 co·
749 2164 846 2213 senatu
864 2160 967 2215 leuaret
985 2192 1018 2201 -
1037 2192 1082 2230 —,
1103 2163 1147 2215 uel
1165 2162 1237 2229 quod
1255 2177 1306 2228 cos,

136 2257 309 2323 pnonentunr
330 2252 379 2304 lioc
406 2251 432 2304 ei
454 2249 549 2303 dicant
566 2248 695 2314 inditnrn,
749 2263 816 2316 quos
841 2241 1009 2304 Hadrianus
1031 2268 1083 2320 per
1109 2251 1210 2304 malam
1232 2252 1305 2304 ucle-

137 2341 209 2410 quod
221 2341 319 2395 ncultos
332 2344 468 2392 senatores
478 2338 627 2391 Hadriano
639 2338 696 2392 ian
750 2339 872 2392 tudinem
896 2340 984 2393 occidi
1002 2341 1131 2406 iusserat,
1154 2341 1306 2393 reseruauit

136 2430 270 2484 saeuienti
288 2430 462 2496 abripuisset,
480 2427 532 2481 clii
551 2427 623 2495 quod
641 2429 697 2495 ipsi
749 2427 794 2480 uel
812 2427 885 2495 qnod
903 2428 1053 2483 Hadriano
1072 2434 1167 2484 cntra
1186 2429 1306 2503 omnium

138 2519 288 2573 Hadriano
302 2517 539 2587 ruapuosltonores
548 2521 612 2584 post
625 2531 695 2570 ruor-
748 2517 843 2570 studio
861 2521 925 2584 post
948 2523 1058 2572 ntortern
1080 2518 1204 2584 infinitos
1227 2523 1306 2584 atquc

137 2614 189 2663 tern
208 2607 353 2662 detulisset.
748 2605 883 2659 innunsos
900 2605 1013 2660 bonores
1036 2606 1155 2660 decreuit
1173 2607 1217 2660 uel
1235 2607 1306 2674 quod

749 2708 774 2747 e.
793 2711 819 2761 q.
840 2712 860 2748 c.

173 2803 263 2872 Spart.
280 2800 341 2856 Did.
357 2806 413 2869 2,3
432 2799 505 2853 Fuit
522 2800 617 2854 consul
635 2816 696 2854 cunr

137 2894 280 2948 Pertinace
303 2897 329 2945 et
352 2892 384 2944 in
399 2890 597 2959 proconsulatu
615 2890 695 2956 Afri-

137 2999 184 3036 cae
201 2983 286 3035 cidem
304 2979 432 3034 successit
450 2983 474 3033 et
492 2993 593 3045 semper
611 2978 647 3032 ab
666 2995 695 3032 eo

785 2797 1067 2868 eupit.Pe1-t.14‚4
1092 2807 1118 2857 et
1144 2803 1202 2869 ipse
1230 2817 1306 2856 brnen
1368 2811 1373 2819 ⁴

749 2888 781 2941 de
800 2887 917 2942 Iuliano
940 2903 1088 2943 successore
1110 2890 1213 2944 dedisse
1236 2891 1304 2945 dici·

749 2981 802 3031 tur.
841 2993 905 3030 narn
925 2993 986 3031 cunr
1004 2979 1029 3032 ei
1046 2977 1153 3033 Didius
1172 2979 1306 3034 Iulianus

136 3071 238 3141 collepo
262 3075 302 3124 est
324 3075 349 3124 et
370 3083 506 3123 successor
531 3056 694 3137 appellatus.

136 3161 253 3214 nonime
269 3175 298 3213 eo
308 3159 360 3224 die,
375 3175 435 3212 cum
448 3157 536 3224 filiurn
549 3172 627 3210 suurn
642 3156 695 3210 Iu-

136 3251 229 3304 liarurs
243 3248 411 3316 &pandens
420 3247 510 3313 addni
521 3261 572 3300 suo
581 3246 618 3299 od
628 3244 693 3299 Per-

748 3066 847 3131 fratris
860 3067 949 3132 filiuni
962 3067 1111 3135 obtulisset,
1128 3069 1174 3121 oui
1192 3069 1304 3136 despon-

748 3153 828 3209 debat
850 3155 938 3222 otton
961 3171 1056 3222 suam,
1084 3157 1245 3210 adhortatus
1268 3163 1305 3211 est

747 3245 873 3298 iuuemm
887 3245 925 3298 ad
938 3246 1040 3313 patrui
1053 3246 1265 3300 obseruationem
1280 3252 1306 3300 et

748 3334 862 3388 adiecit.-
883 3333 1018 3388 ‘Obserua
1043 3335 1172 3404 colleporn
1194 3340 1217 3387 et
1243 3350 1304 3388 suc-

747 3438 874 3477 cessorern
897 3422 1003 3477 rneuruff
1041 3440 1107 3476 narn
1129 3429 1192 3477 ante
1214 3425 1303 3476 Iulia-

136 3339 253 3392 te'nacenc
280 3337 397 3390 uenisset
424 3335 506 3403 idque
533 3335 693 3399 intimasset,

136 3427 209 3482 dicit
225 3467 231 3479 .
247 3468 253 3481 .
269 3447 288 3492 .;
310 3425 329 3478 ‘.
346 3467 352 3478 .
368 3465 374 3478 .
391 3423 692 3492 ,quedebitareuereu

136 3517 186 3581 tia,
204 3515 271 3584 quic
294 3514 396 3582 collepo
419 3519 444 3566 et
467 3527 603 3567 successor
620 3528 693 3565 neus
746 3527 801 3564 uus
825 3513 850 3565 ei
871 3517 896 3565 et
914 3513 946 3565 in
964 3512 1109 3566 consulatu
1127 3513 1228 3580 eollepo
1244 3513 1303 3578 fue-

135 3598 195 3659 est.’
233 3603 326 3659 statim
348 3603 420 3658 enirn
444 3618 516 3657 rnors
536 3600 693 3656 Pertinacis
746 3605 792 3654 rat
811 3605 836 3654 et
853 3601 885 3654 in
900 3602 1098 3670 proconsulatu
1116 3606 1285 3655 successerat.

89 3720 96 3731 ·-
135 3697 228 3748 secuta
245 3697 291 3746 est.

173 3818 264 3887 Spart.
270 3815 347 3872 Pesc.
357 3823 381 3884 6,
392 3822 408 3870 9
422 3817 520 3886 quibus
531 3815 691 3871 Commodus
705 3815 772 3870 adeo
781 3816 824 3869 de·
916 3813 1027 3882 Lampe.
1038 3812 1142 3868 comm.
1153 3819 1178 3882 9,
1188 3818 1205 3866 4
1223 3830 1304 3870 sacra

136 3908 212 3962 ditus
225 3907 289 3974 tuit,
304 3911 371 3960 utet
382 3910 465 3974 caput
473 3905 580 3959 raderet
594 3908 618 3958 et
628 3904 745 3958 Anubin
759 3919 825 3972 por·
880 3903 970 3958 Isidis
993 3904 1076 3960 coluit
1081 3945 1090 3972 ,
1114 3909 1146 3958 ut
1173 3909 1198 3957 et
1220 3908 1304 3971 caput

135 4000 207 4052 toret
225 4001 250 4050 et
270 3995 357 4049 ononis
379 4009 488 4062 pausas
510 3994 633 4063 eupleret.
667 3993 823 4060 Car.9,11
879 3993 986 4047 raderet
1022 3998 1047 4048 et
1081 3992 1206 4048 Anubim
1237 4009 1303 4061 por-

136 4103 198 4140 cum
210 4083 372 4141 Antoninus
388 4081 460 4137 Gom.
474 4083 516 4135 ita
526 4098 557 4134 ea
567 4081 752 4150 celebrauerit,
761 4085 826 4136 utet
879 4086 957 4137 toret.

136 4174 254 4229 Anubin
272 4177 394 4241 portaret
411 4176 436 4226 et
452 4186 557 4239 pausos
575 4171 667 4224 ederet.

227 4352 253 4420 l)
271 4349 325 4403 Ein
338 4349 462 4403 ferneres
476 4347 568 4402 dieser
580 4347 634 4400 Ars
648 4347 740 4401 Seuer.
757 4355 781 4418 6,
799 4352 839 4402 10.
859 4354 884 4414 8,
900 4354 994 4403 6-16.
1015 4354 1039 4414 9,
1057 4352 1132 4400 1-2.
1154 4353 1223 4417 10,1
1244 4348 1302 4402 und

136 4439 269 4495 Pescenn.
284 4441 309 4508 b,
324 4441 402 4506 2-6,
421 4443 436 4490 2
455 4435 502 4490 bei
520 4435 678 4491 Mommsen
697 4437 724 4491 S.
743 4438 823 4492 srsf.
