3038 5024
171 296 215 359 92
472 295 506 351 11.
529 295 587 352 Das
606 293 769 350 Verhbltnin
788 312 823 349 zu
841 295 894 351 den
915 295 1042 363 Quina.

207 464 232 522 2,
247 463 261 509 'l
285 456 405 511 Venerit
419 458 500 511 etiam
515 457 652 512 Commodi
669 474 724 511 ma·
817 463 859 511 12.
879 459 1031 512 Inetibntne
1043 463 1080 511 eet
1090 459 1128 512 ad
1137 459 1340 528 philosophiam

170 546 271 614 pietro,
297 578 347 614 —,
371 546 518 616 Apollonio
546 545 727 601 Chalcedonio
776 563 828 616 per
851 547 1030 614 Apollonium
1054 546 1279 613 Chalcedonium,
1302 549 1341 602 ad

171 633 261 689 Stoico
280 636 449 704 philosopho.
476 668 507 674 —
527 642 592 703 Η
616 636 728 689 audiuit
781 636 923 689 scientiam
937 636 1091 691 litterarum
1104 637 1273 692 Graecarum
1289 653 1341 706 per

170 729 196 778 et
214 723 325 777 Sextum
350 724 561 780 Chaeronensem
578 725 729 779 Plutarchi
783 723 993 779 Chaeronensem
1027 726 1175 780 Plutarchi
1209 731 1340 794 nepotem,

170 819 297 881 nepotem.
335 818 400 880 2,4
423 815 579 868 mator-ebur
601 831 667 868 usne
690 819 728 867 eet
782 813 901 866 Latinae
919 820 1009 868 autern
1030 831 1089 868 eam
1108 816 1213 869 litterar
1231 814 1340 869 Fronto

172 933 222 967 -,
240 901 344 957 Latino
363 903 504 959 Frontone
523 903 665 972 Cornelio;
682 904 728 958 eed
781 907 874 956 mator
887 903 1073 957 nobilissimae
1085 903 1186 957 docuit.
1222 905 1266 958 bic
1279 921 1341 958 cnm

170 991 285 1045 multam
298 993 386 1046 cabis
402 992 540 1047 Frontoni
557 993 664 1060 detulit,
682 994 728 1046 cni
781 992 906 1044 ornnibnr
924 991 1027 1045 Rornae
1049 1009 1134 1060 aequo
1152 994 1214 1046 iure
1231 994 1284 1062 epit
1302 995 1341 1048 ad

170 1085 217 1135 etc.
239 1111 269 1120 -
290 1087 315 1148 3,
335 1088 351 1135 9
370 1083 402 1136 in
419 1099 485 1152 quae
502 1083 725 1151 (conduapaloe)
781 1080 888 1133 nullam
913 1081 1088 1135 insolentiam
1117 1082 1205 1137 elatae
1230 1083 1341 1152 imperii

170 1171 287 1224 mraxime
302 1171 422 1225 liberabit
434 1171 500 1237 fnit,
519 1177 544 1226 et
557 1173 598 1225 ila
612 1172 728 1240 quidem,
780 1170 903 1237 suscipio,
922 1170 1096 1223 liberalitatis
1112 1172 1337 1239 prumptissima.

171 1264 203 1312 at
216 1264 262 1314 etc.
283 1291 316 1298 -
338 1266 378 1315 17.
394 1260 471 1329 Erpa
485 1262 650 1328 prouincias
666 1266 728 1327 poet
778 1260 942 1327 prouinciae
972 1260 1078 1328 inpenti
1113 1261 1279 1328 benipnitate
1314 1265 1340 1313 et

170 1348 236 1402 baec
250 1349 544 1416 inpenlimaderatione
558 1367 591 1404 ac
605 1350 715 1418 beaipni
781 1348 964 1402 moderatione
981 1350 1122 1403 tractauit.
1159 1355 1255 1405 contra
1272 1349 1338 1404 Cer·

171 1441 226 1491 tate
253 1439 393 1491 tractauit.
440 1437 544 1494 Contra
577 1438 728 1494 Germanos
782 1439 1108 1509 manoseoprinciperer
1120 1439 1237 1506 feliciter
1250 1445 1339 1507 outae

170 1541 213 1578 ree
230 1526 345 1592 feliciter
358 1529 447 1596 percit.
475 1529 591 1597 speciale
604 1530 663 1597 ipre
677 1529 727 1582 bel·
781 1531 853 1580 suut.
893 1526 989 1580 bellam
1004 1528 1157 1596 ipsennum
1169 1527 1340 1597 pessitMar-

171 1614 227 1667 lum
246 1614 511 1686 Marcomannicum,
531 1619 577 1672 ced
594 1622 728 1687 qnantum
782 1617 979 1684 comannicam,
993 1617 1179 1684 sedquoniam
1195 1617 1273 1670 nulla
1287 1633 1340 1670 me-

170 1704 251 1758 nalla
272 1721 400 1774 amquam
422 1707 550 1761 memoria
573 1708 642 1775 fnit,
667 1724 728 1760 cam
781 1705 870 1758 moria
887 1705 957 1772 fnit,
982 1705 1049 1758 adeo
1067 1711 1099 1758 ut
1116 1705 1233 1760 Punicis
1250 1707 1338 1773 confe-

171 1793 287 1861 uirtute,
309 1800 366 1849 tun
390 1795 471 1850 etiam
488 1796 619 1862 felicitate
637 1801 727 1850 trane-
781 1799 869 1848 ratur.
906 1810 972 1848 narn
990 1811 1019 1848 eo
1036 1796 1154 1864 pronius
1171 1800 1209 1849 est
1227 1796 1340 1862 factum,

171 1883 233 1951 epit,
252 1889 276 1938 et
285 1900 315 1937 eo
324 1884 432 1952 quidm
442 1890 568 1953 tempore,
580 1901 634 1955 qao
644 1886 728 1954 pecti·
782 1884 853 1952 quod
866 1885 994 1938 uniuersi
1002 1885 1136 1939 exercitae
1145 1884 1267 1938 Romani
1275 1901 1339 1954 per-

170 1973 255 2027 lentia
273 1975 369 2042 mauis
382 1974 470 2028 multa
485 1974 563 2029 milia
576 1980 601 2029 et
610 1976 728 2044 popula·
782 1974 888 2038 ierant;
910 1975 960 2028 sab
983 1974 1033 2029 hoc
1055 1975 1126 2029 enim
1148 1979 1244 2030 tantae
1261 1990 1342 2029 carae

170 2062 403 2118 riametrnilitum
412 2064 589 2118 interemerat.
617 2064 728 2119 Panno·
778 2063 950 2131 pestilentiae
970 2063 1039 2131 fuit,
1063 2067 1094 2117 nt
1113 2070 1177 2132 post
1194 2065 1341 2118 uictoriam

170 2153 234 2205 niae
243 2155 339 2219 erpoet
352 2150 568 2218 Marcomannis,
585 2153 729 2221 Sarmatis,
783 2152 921 2207 Persicam
948 2152 1051 2206 Romae
1085 2170 1117 2206 ac
1142 2169 1192 2221 per
1224 2153 1341 2206 Italiam

176 2240 325 2306 Vandalis,
347 2241 430 2295 simul
452 2243 534 2295 etiam
554 2243 659 2312 Quadis
684 2260 728 2296 ecc-
779 2241 1341 2310 prouinciasquemaainmbominnntpars,

170 2330 286 2394 stinctie,
304 2331 417 2384 sauitio
432 2331 570 2396 liberanti,
588 2339 612 2386 et
626 2331 729 2386 Rornae
782 2330 899 2385 militum
918 2345 1007 2383 omnes
1024 2331 1080 2396 fere
1099 2332 1191 2398 copiae
1210 2330 1360 2398 lanpume·

171 2434 232 2472 cum
253 2416 403 2486 Commodo,
423 2436 499 2489 quem
516 2422 573 2474 iam
589 2419 728 2474 Caesarem
782 2417 935 2483 defecerint.

170 2510 279 2575 fecerat,
291 2508 359 2575 filio,
373 2509 545 2576 alticinae,
559 2526 617 2576 suo,
631 2512 727 2565 trium
820 2511 861 2560 13.
880 2508 994 2576 Inpenti
1012 2524 1074 2576 erpo
1099 2508 1191 2562 labore
1208 2511 1234 2562 et
1251 2510 1340 2562 mode-

166 2596 277 2665 phaait.
293 2582 297 2590 ’
315 2596 383 2651 Cum
401 2602 490 2652 autem
510 2599 613 2653 adhoc
632 2599 729 2653 bellam
782 2597 898 2664 ratione,
916 2613 976 2650 cum
994 2598 1071 2666 apud
1091 2597 1262 2651 Carnuntum
1280 2598 1342 2666 tupi

172 2687 396 2740 omneaerarium
412 2687 578 2741 euhantisect
591 2705 671 2742 euum
685 2705 728 2741 ne-
784 2685 902 2739 lricnnio
916 2690 1125 2754 perseuerasset,
1145 2686 1242 2739 bellum
1262 2686 1341 2740 Mar-

173 2791 223 2843 pue
241 2776 273 2828 in
291 2776 414 2829 animum
432 2775 584 2842 induceret,
602 2781 633 2830 nt
651 2782 730 2830 eutra
784 2775 971 2829 comannicum
989 2775 1112 2840 confecit,
1132 2775 1279 2844 quodcum
1299 2777 1342 2830 bis

171 2864 293 2918 ordinem
307 2865 531 2934 prouincialibus
554 2866 662 2934 aliquid
680 2867 728 2918 irn-
785 2862 891 2932 Quadi,
914 2863 1050 2930 Vandali,
1075 2862 1233 2932 Sarmatae,
1258 2864 1343 2918 Suebi

168 2957 287 3021 peraret,
301 2953 406 3020 infore
420 2954 614 3009 diail'raiani
627 2956 729 3008 auctio·
783 2958 863 3021 atquc
885 2955 972 3005 artinis
998 2952 1128 3006 barbaria
1153 2960 1342 3019 commoneret,

172 3047 461 3098 nemornameutorarn
473 3044 657 3112 imperialium
666 3045 730 3110 fecit
783 3045 869 3098 nrulta
890 3042 1030 3094 hominurn
1052 3042 1131 3095 uilia
1155 3042 1292 3107 interfecit
1309 3061 1343 3097 ac

171 3132 348 3201 uendiditque
368 3149 453 3185 aurea
464 3133 566 3200 pocula
584 3138 608 3188 et
623 3133 728 3187 cristal-
786 3132 942 3186 Pannoniis
964 3131 1077 3184 seruitio
1096 3131 1218 3184 liberatis
1236 3131 1341 3186 Rornae

173 3222 233 3276 lina
251 3226 276 3275 et
299 3223 443 3289 murrina,
467 3237 537 3276 aaea
555 3222 636 3276 etiarn
653 3223 729 3290 repta
783 3237 881 3276 rursus
894 3236 954 3274 cum
965 3216 1107 3272 Commodo
1121 3218 1265 3274 Antonino
1283 3221 1342 3286 filio

172 3316 299 3366 etaeetun
309 3311 729 3378 naariameericantetauratam,
783 3326 848 3375 suo,
880 3309 1034 3378 queniam
1064 3306 1204 3362 Caesarem
1232 3309 1342 3374 fecerat,

172 3415 289 3470 peramat
303 3402 371 3469 quin
385 3401 474 3468 etiam,
494 3416 562 3468 qaas
580 3400 682 3454 multae
699 3401 731 3453 in
783 3398 973 3466 triumphauit.
1011 3397 1048 3450 ad
1074 3396 1158 3451 huius
1183 3397 1247 3450 belli
1270 3414 1341 3451 sum·

173 3490 321 3556 repostoria
335 3489 470 3543 sanctiore
479 3488 626 3543 Hadriani
638 3505 731 3560 reppe-
780 3494 861 3558 ptum
883 3503 944 3542 cum
966 3487 1074 3540 aerario
1102 3487 1233 3540 cabareto
1258 3487 1342 3556 tarpi-

173 3584 254 3632 rerat.
272 3583 297 3630 et
303 3594 355 3646 per
364 3579 432 3632 duos
441 3579 547 3647 quidem
557 3594 657 3632 menaea
666 3579 731 3632 baec
783 3581 870 3634 tiones
887 3577 981 3630 nullae
995 3576 1103 3630 baberet
1121 3592 1205 3644 neque
1223 3575 1343 3630 indicere

172 3668 296 3721 uenditio
309 3668 730 3736 celebrataeettontumqueaari
780 3665 1004 3736 prouincialibus
1031 3664 1212 3718 aut'eenatai
1234 3665 1344 3734 aliquid

173 3756 321 3821 redactum,
338 3761 371 3810 at
388 3756 519 3823 reliquiae
538 3756 601 3810 belli
616 3757 728 3811 Marco·
783 3757 879 3820 uellet,
912 3754 1120 3807 instrumentum
1151 3754 1222 3823 repii
1254 3755 1344 3808 cultae

173 3845 730 3913 rnannicieasentcntiapersecutuspoetea
783 3846 859 3911 facta
877 3845 908 3895 in
931 3844 992 3908 foro
1011 3843 1073 3896 diui
1094 3841 1212 3896 Traiani
1229 3844 1344 3898 sectione

173 3934 276 3987 dederit
287 3939 444 4003 potestatem
459 3934 630 4001 emptoribus,
648 3939 688 4000 at,
706 3936 731 3988 ei
784 3932 916 3987 distraxit
921 3972 930 3998 ,
954 3947 1025 3985 noea
1049 3948 1147 3997 aurea,
1162 3933 1265 4000 pocula
1283 3949 1343 4004 crp-

174 4024 222 4091 qui
243 4023 323 4076 uellet
345 4029 433 4092 empta
456 4023 565 4077 reddere
584 4027 663 4089 atque
681 4039 730 4075 au·
784 4021 1344 4087 stallinaetnrarrina,aaoriamacrama

174 4127 236 4164 rura
254 4113 380 4180 recipere,
397 4113 476 4165 sciret
495 4111 580 4165 licere,
608 4127 657 4164 nec
674 4126 730 4165 mo·
784 4111 897 4164 sericam
911 4114 936 4162 et
949 4125 1061 4164 auream
1074 4115 1179 4176 uestem,
1199 4111 1287 4165 multa
1299 4127 1342 4164 or·

176 4200 256 4253 lesbus
269 4202 322 4254 alli
339 4202 404 4265 fait,
423 4201 471 4269 qui
484 4199 528 4254 ael
541 4215 597 4253 nou
611 4200 731 4253 reddidit
785 4203 912 4253 namenta
934 4214 1106 4267 peramarum.
1144 4214 1177 4251 ac
1198 4215 1250 4268 per
1275 4199 1344 4254 daos

175 4293 264 4354 empta
282 4289 326 4341 uel
345 4289 472 4343 reddidit.
510 4293 576 4342 tunc
590 4288 661 4342 uiris
675 4289 730 4343 cla-
784 4288 926 4343 continuae
944 4302 1044 4341 menses
1057 4303 1089 4340 ea
1107 4288 1230 4341 uenditia
1248 4288 1344 4342 habita

175 4375 295 4433 rioribus
302 4378 434 4444 permisit,
447 4382 478 4431 ut
487 4376 576 4430 eodem
586 4376 669 4440 cultu,
679 4392 731 4445 qao
784 4377 1004 4454 est-multumque
1022 4374 1087 4428 auri
1105 4375 1251 4430 redactum.
1279 4381 1343 4446 past
