3038 5024
216 302 260 365 90
517 300 553 356 11.
575 299 632 355 Dae
651 296 813 355 Vcrhisllnis
830 316 866 354 za
883 299 938 355 don
957 299 1084 367 Quellcn.

212 465 334 547 seroim
357 461 452 550 (VIII
471 466 500 549 8,
523 466 536 528 l
560 495 601 517 =
620 464 656 529 P.
674 466 704 548 2,
723 465 744 530 2
762 464 827 528 und
853 464 903 548 13,
921 464 952 548 4,
976 462 1005 528 S.
1030 461 1097 550 86),
1120 463 1211 529 Alex.
1230 465 1321 549 26,9
1345 465 1381 528 in

215 576 344 636 matrem
370 569 579 637 Mammosam
605 572 693 637 nnnc
714 573 788 654 pius
812 570 940 652 [111Ξ
963 569 1219 637 1111112311
1243 570 1290 636 M.
1313 591 1379 636 ma·

214 683 291 744 trem
313 698 403 744 snum
425 679 512 744 unice
528 679 612 761 pius.

251 819 324 872 Max.
344 824 373 886 8,
395 824 407 872 1
427 818 481 874 Sed
503 820 589 874 occiso
613 818 774 874 Aleumrdro
862 817 1013 874 Euir.lX1
1036 819 1103 875 Post
1120 821 1193 875 11111
1207 819 1382 875 Maximinus

217 908 395 963 Maximinus
409 907 557 976 primume
575 923 684 976 corpore
701 908 773 962 mili·
826 923 860 962 ea
882 923 993 976 corpore
1015 909 1131 963 militasti
1148 910 1259 978 primus
1275 909 1314 964 ad
1331 910 1381 964 im-

215 998 273 1051 tari
290 1003 315 1052 ct
333 997 454 1051 nondum
468 1002 577 1051 senator
594 997 653 1050 sine
671 997 773 1052 decreto
822 996 932 1065 perium
950 997 1061 1053 accesit
1077 999 1136 1052 sola
1150 999 1267 1054 militam
1285 999 1382 1053 uolmr

214 1091 324 1142 senatus
338 1086 482 1156 Anqustus
495 1086 530 1140 alr
545 1087 665 1140 enercitu
682 1086 772 1155 appel-
827 1090 890 1151 tote,
905 1102 965 1140 cum
978 1087 1057 1141 nulla
1070 1091 1181 1141 senatus
1194 1088 1384 1143 intercessisset

216 1175 289 1230 latus
306 1179 351 1230 esl.
364 1174 383 1241 1)
827 1176 977 1231 auctoritas
999 1192 1083 1244 neque
1104 1177 1162 1244 ipse
1184 1182 1294 1232 senator
1312 1182 1385 1232 esset.

252 1298 373 1354 Trebell.
392 1301 444 1366 lyr.
464 1302 513 1366 24,
532 1302 548 1351 2
567 1301 592 1351 et
615 1313 676 1351 eum
703 1297 790 1351 multa
820 1296 905 1351 Tetri·
963 1302 968 1311 '
996 1297 1075 1353 Euir.
1090 1297 1172 1353 Ixss
1187 1299 1340 1369 Superauit
1355 1303 1387 1358 in

216 1404 264 1444 cus
286 1388 452 1456 feliciterque
474 1387 595 1457 pessiscet
616 1387 718 1455 dinque
740 1386 907 1455 imperasset,
961 1387 1057 1444 Gallia
1078 1389 1214 1444 Tetricum
1237 1391 1314 1460 apud
1333 1391 1386 1446 Oa·

216 1477 251 1531 alr
269 1476 423 1532 Aureliano
446 1476 550 1543 uictus,
575 1491 636 1529 cnm
658 1475 777 1529 militum
795 1490 906 1530 snorum
959 1478 1088 1532 talaunoe
1105 1479 1166 1546 ipso
1193 1477 1298 1534 Tetrico
1320 1496 1384 1548 pro-

216 1566 407 1634 inpndcntiam
430 1570 455 1619 et
471 1565 665 1633 procacitatem
682 1566 754 1631 ferre
771 1579 828 1618 non
842 1579 906 1633 pos·
959 1567 1037 1622 dente
1046 1568 1193 1622 coercitum
1203 1584 1293 1637 sumn,
1307 1571 1386 1625 acius

216 1661 264 1721 sel,
282 1656 375 1709 uolens
389 1671 416 1709 se
429 1655 592 1724 pronissime
607 1653 733 1724 principi
751 1658 776 1707 et
793 1654 906 1708 seueris-
960 1656 1094 1711 adsidms
1133 1655 1277 1711 seditiones
1313 1659 1385 1724 serra

216 1746 283 1799 simo
297 1745 380 1799 dedit.
400 1759 497 1799 uersus
510 1743 624 1813 deniqne
633 1742 710 1797 illius
718 1743 817 1809 sertem,
830 1759 907 1812 quern
959 1760 1016 1799 non
1025 1749 1142 1814 poterat.
1161 1747 1229 1813 quin
1242 1746 1324 1800 etiam
1333 1764 1386 1816 per

216 1834 315 1900 furtim
328 1834 365 1888 ad
378 1833 563 1888 Aurelianum
576 1833 738 1900 scripserat:
757 1831 857 1900 ‘Eripe
866 1847 907 1886 mc
960 1835 1067 1889 litteras
1100 1835 1219 1889 occultas
1254 1833 1384 1890 Aurelia-

217 1924 275 1991 liis,
292 1923 409 1991 inuicte,
426 1922 528 1977 malis.’
960 1939 1026 1977 num
1045 1925 1086 1978 ita
1108 1923 1200 1990 fuerat
1217 1924 1385 1994 stepanus,

253 2010 322 2081 Vop.
342 2011 408 2065 Aur.
428 2016 477 2080 32,
497 2017 513 2065 3
532 2015 612 2079 atquc
630 2011 689 2078 ipso
709 2009 815 2065 Tetrico
834 2026 907 2066 cacr-
960 2017 992 2066 nt
1014 2013 1087 2067 inter
1109 2012 1169 2067 alia
1187 2028 1270 2068 uersa
1294 2013 1385 2084 171191·-

217 2102 300 2155 eitum
313 2117 394 2155 suurn
407 2101 545 2169 prodente,
563 2100 635 2167 qnod
649 2099 707 2152 eins
719 2100 819 2153 scelera
836 2099 907 2166 ferre
961 2102 1037 2156 liano
1063 2106 1197 2156 uteretur:
1223 2102 1323 2172 ‘Eripe
1346 2119 1387 2158 mc

216 2207 273 2244 non
287 2195 385 2258 posset,
405 2189 512 2243 deditas
530 2189 584 2242 sibi
602 2188 717 2257 leqiones
736 2189 864 2256 optinuit.
961 2191 1012 2256 liis,
1030 2191 1149 2258 inuicte,
1167 2191 1268 2245 malis.'

252 2277 317 2333 Aur.
338 2285 385 2345 36,
405 2283 421 2330 2
440 2278 676 2332 Aurelianus...
693 2319 699 2333 .
714 2293 832 2345 seuerus,
849 2282 907 2331 lru·
995 2277 1073 2333 11111.
1084 2279 1122 2333 IX
1130 2285 1163 2332 14
1172 2279 1386 2335 8111111111-

217 2369 349 2435 cnlentus,
368 2367 568 2436 sanquinarius
585 2366 643 2432 fuit
656 2365 795 2434 princeps.
833 2371 905 2433 3⁷,1
960 2369 1108 2438 quinarius
1148 2386 1181 2423 ac
1219 2372 1387 2425 necessarius

218 2456 275 2511 Hic
292 2457 357 2524 pinis
370 2455 524 2510 Aureliano
542 2456 601 2522 fuit
614 2455 742 2525 principi
759 2456 907 2510 necessario
960 2458 1048 2528 maqis
1071 2458 1103 2511 in
1121 2458 1283 2526 quibusdam
1305 2476 1387 2527 quam

217 2546 304 2615 napis
322 2561 404 2615 quarn
423 2546 499 2600 bono.
563 2556 572 2561 ·
960 2548 992 2601 in
1009 2547 1066 2601 ullo
1086 2547 1215 2601 amabilis
1228 2547 1385 2615 imperator.

959 2641 1026 2690 trux
1044 2637 1119 2690 omni
1137 2642 1253 2704 tempore
1271 2651 1295 2690 s.
1314 2654 1341 2704 q.
1361 2656 1382 2690 s.

254 2722 324 2793 Vop.
344 2723 426 2778 Prob.
448 2727 489 2791 18,
508 2728 525 2777 8
545 2722 635 2777 Gallis
653 2723 777 2777 omnibns
796 2727 820 2777 ei
839 2722 905 2777 His·
995 2722 1174 2780 111111111ιῖ
1199 2723 1300 2780 Vincas
1319 2725 1385 2780 Gal-

213 2815 301 2882 panis
319 2830 352 2868 ac
370 2813 531 2869 Brittannis
548 2812 612 2866 ltine
632 2812 769 2880 permisit,
788 2816 820 2866 ut
838 2813 907 2867 uites
961 2815 1000 2867 los
1012 2814 1313 2869 eiPannonioslealrere
1323 2832 1386 2883 per-

218 2903 344 2956 1111111
357 2903 505 2970 uinumque
520 2902 686 2968 conficerent.
722 2902 780 2969 ipse
797 2901 907 2954 Almam
960 2903 1041 2956 misit.
1061 2918 1139 2970 opere
1150 2903 1386 2957 militariAlmam

217 2996 332 3046 montem
357 2992 388 3045 in
406 2991 526 3060 Illyrico
545 2991 620 3045 circa
639 2991 772 3044 Sirmium
789 2990 906 3044 militari
961 2997 1075 3046 montem
1102 2992 1179 3060 apud
1203 2990 1334 3047 Sirmium
1361 2999 1387 3047 et

218 3097 303 3134 mann
324 3081 426 3146 fossam
449 3081 517 3134 lecta
534 3081 591 3133 uite
609 3080 751 3134 conseruit.
771 3108 804 3118 -
824 3083 872 3147 20,
892 3085 907 3132 2
962 3079 1084 3135 Auream
1098 3080 1175 3148 apud
1190 3080 1326 3134 Moesiam
1339 3097 1386 3135 su-

220 3170 297 3224 -si
323 3170 429 3238 quidem
454 3170 541 3223 multu
568 3185 650 3237 opera
678 3169 795 3222 militari
823 3183 908 3222 manu
957 3169 1093 3237 perierem
1106 3169 1197 3223 uineis
1210 3173 1346 3224 conseruit
1361 3176 1385 3225 et

216 3260 343 3328 perfecit,
361 3259 453 3313 dicens
471 3273 610 3312 annonam
628 3258 778 3326 proluitam
797 3257 909 3311 militem
957 3258 1182 3326 prouincialibus
1200 3259 1324 3313 colendos
1342 3260 1385 3312 de·

218 3349 351 3403 comedere
381 3362 438 3401 non
465 3348 564 3402 debere.
601 3347 644 3400 leis
671 3346 781 3400 addidit
806 3346 909 3400 dictum
961 3346 1011 3400 dii.
1048 3345 1106 3401 Hic
1128 3363 1188 3400 cnm
1212 3347 1282 3401 bello
1304 3349 1387 3402 innu-

219 3439 258 3492 eis
288 3453 388 3506 91111,
419 3437 444 3490 si
475 3453 602 3505 umquam
635 3435 755 3503 eueniat,
786 3436 908 3489 salutare
961 3451 1035 3490 mma
1052 3436 1182 3505 qessissct,
1197 3453 1266 3504 pace
1279 3441 1387 3505 parata

218 3528 259 3580 rei
273 3543 318 3594 p,
351 3526 427 3581 breui
458 3525 555 3580 milites
586 3524 749 3581 necessarios
780 3539 836 3578 non
861 3525 907 3591 fu·
961 3525 1036 3579 discit
1054 3524 1131 3578 breui
1151 3525 1249 3580 milites
1266 3541 1385 3580 necessa-

218 3621 301 3670 turos.
961 3614 1017 3669 rios
1035 3630 1091 3667 non
1109 3612 1266 3683 futuros.²).

309 3814 335 3879 1)
355 3811 407 3865 Die
425 3810 617 3881 Ausdshnung
636 3810 685 3865 dec
702 3810 822 3879 primumi
843 3808 894 3863 auf
908 3815 1017 3865 senator
1034 3808 1092 3862 und
1110 3811 1169 3864 sine
1187 3811 1291 3865 decreto
1308 3825 1385 3865 sena-

218 3905 263 3954 tus
286 3898 333 3953 bei
357 3896 532 3969 Capitolinus
557 3899 596 3954 isi
617 3899 721 3967 falech3
746 3899 818 3954 auch
841 3897 981 3954 Macrinus
1008 3899 1045 3952 isi
1070 3898 1143 3954 noch
1166 3897 1245 3953 nicht
1268 3898 1387 3953 Sonulor

219 4003 360 4058 genesen,
384 3986 427 4041 als
451 4004 481 4043 er
505 4006 567 4042 zum
586 3988 684 4043 Kaiser
706 3987 874 4058 ausgerufen
896 3986 1005 4055 wurdc,
1029 3987 1087 4040 und
1106 3986 1155 4042 dor
1174 3985 1317 4042 Beschluls
1337 3986 1387 4043 des

221 4075 321 4130 Seneis
340 4075 391 4130 hei
415 4077 457 4130 oft
480 4077 597 4147 gefehll.
634 4077 699 4147 Vgl.
718 4076 785 4131 Aur.
805 4076 878 4131 vict.
898 4076 976 4130 Caes.
996 4082 1043 4144 25,
1064 4082 1077 4129 1
1098 4075 1223 4146 Namque
1244 4074 1271 4131 0.
1292 4077 1387 4131 Iulius

221 4166 414 4234 Maximinus,
436 4168 597 4235 praesidens
621 4169 662 4222 rei
687 4168 814 4234 bellicae,
837 4166 946 4235 primns
970 4166 1169 4221 amilitaribus
1187 4167 1388 4236 -potentiam

218 4255 289 4322 cepit
306 4256 448 4325 suffraqiis
467 4257 610 4327 leqionum.

309 4345 337 4411 2)
356 4341 409 4397 Die
424 4343 535 4413 gleicho
549 4343 816 4415 Aufcinenderfolgc
835 4344 885 4398 der
900 4341 1091 4402 Nachrichlon
1106 4342 1178 4397 euch
1187 4341 1254 4398 Aur.
1264 4342 1298 4399 V.
1309 4341 1387 4399 (less.

220 4437 294 4499 313
313 4431 417 4486 Eodem
437 4435 514 4490 modo
532 4436 576 4489 liic
597 4435 719 4490 Galliam
741 4435 956 4504 Pannoniusque
974 4439 998 4488 et
1017 4433 1171 4489 Moesorum
1189 4434 1268 4488 eolles
1285 4434 1387 4490 niudis
