3038 5024
171 307 215 370 94
476 306 511 363 11.
535 307 592 363 Des
611 305 772 362 Vsrhtltnio
791 323 825 361 zu
843 305 899 361 den
918 304 1045 385 Qaellcn.

173 470 353 535 stammend
385 468 561 558 erweise¹);
593 469 653 534 wie
686 470 747 555 oft,
781 493 816 534 so
844 470 902 534 hat
929 469 1012 534 auch
1040 468 1110 533 hier
1141 467 1256 533 Victor
1288 467 1342 532 die

174 577 289 642 Worte
314 576 418 641 seiner
440 577 582 664 Vorlage
605 577 838 642 umsohrieben.
1188 644 1226 675 s

260 682 349 748 Aber
367 684 458 770 eben,
480 683 555 749 weil
572 706 608 748 er
626 683 695 748 dies
715 687 806 747 sonet
825 706 865 746 zu
888 682 970 746 thun
992 682 1102 766 pflegl,
1124 679 1263 746 bereitel
1285 681 1344 745 der

171 791 282 856 zweite
306 790 391 872 Fan,
416 791 450 855 in
471 791 627 856 welchem
650 791 720 855 sich
743 791 795 854 die
817 790 857 854 H.
881 789 918 854 A.
943 789 1004 853 mit
1027 789 1131 853 einem
1154 787 1343 852 erholtenen

173 896 408 962 Schriftsteller
426 898 460 962 in
483 898 587 962 einem
610 899 776 983 grisseren
794 897 971 962 Abschnilt
994 895 1043 960 oft
1064 894 1214 960 wirllioh
1237 895 1343 980 deokt,

174 1004 434 1089 Schwierigkeit,
456 1005 520 1090 vgl.
544 1004 579 1068 in
601 1005 657 1069 des
682 1003 833 1090 Spartian
855 1002 893 1068 V.
919 1001 1029 1067 Seueri
1053 1024 1077 1066 o.
1101 1004 1153 1087 17,
1177 1003 1285 1067 5-19
1291 1006 1342 1088 ,4

171 1111 232 1175 mit
254 1111 362 1175 Aurei
382 1111 467 1177 Via.
487 1109 575 1176 Caes,
595 1111 651 1195 20,
673 1112 794 1175 1-29:

209 1233 306 1288 Seueri
322 1239 394 1304 17,ῡ
412 1234 454 1289 Et
471 1234 601 1303 qnoniam
620 1233 730 1302 lonpum
819 1231 895 1286 Caes.
910 1237 954 1300 20,
971 1239 984 1285 1
1003 1231 1098 1300 Ipitur
1111 1230 1259 1300 Septimius
1274 1233 1342 1287 Per·

172 1329 211 1379 est
228 1325 337 1378 minora
356 1324 495 1393 persequi,
518 1323 600 1377 luins
624 1322 730 1390 maeni-
784 1321 886 1375 tinacis
898 1337 969 1387 nece,
986 1321 1070 1375 simul
1082 1320 1251 1391 {lopitiorum
1269 1321 1341 1388 aelio,

169 1413 224 1481 fica
238 1413 303 1467 illo:
312 1412 385 1481 quael
397 1413 468 1466 oieto
482 1416 506 1466 et
519 1412 605 1467 occiso
615 1412 731 1466 Iuliano
784 1411 875 1465 dolore
888 1411 967 1480 atqui
980 1410 1026 1464 ira
1039 1411 1204 1477 comnmtior,
1222 1410 1341 1465 cohortes

169 1502 365 1570 praetorianas
388 1501 506 1556 cohortes
528 1502 731 1568 exauctorauit,
780 1499 938 1568 praetorias
982 1501 1075 1555 statim
1110 1500 1212 1554 militia
1244 1501 1342 1554 exemit

173 1591 347 1644 Pertinacem
364 1595 461 1645 contra
474 1591 642 1645 uoluntatem
660 1591 731 1644 miti·
784 1590 942 1659 omoeoque
961 1591 1088 1658 partium
1106 1589 1192 1644 caesis
1209 1588 1346 1642 Heluium

172 1685 231 1734 tum
248 1680 280 1733 in
295 1680 360 1734 'eleos
377 1679 486 1746 retulit,
512 1678 606 1735 Saluii
622 1680 732 1735 Iuliani
784 1683 896 1733 senotm
913 1679 1036 1733 consulto
1058 1680 1131 1732 inter
1156 1678 1237 1732 cliuos
1254 1679 1345 1745 refert.

172 1769 279 1823 macta
297 1769 378 1823 iussit
392 1769 503 1835 aboleri,
520 1769 594 1838 quael
610 1785 667 1823 non
684 1785 730 1838 op·
786 1766 881 1822 Saluii
893 1784 992 1822 nomen
1005 1773 1086 1836 atque
1100 1768 1159 1821 cius
1171 1767 1277 1837 scripta
1289 1768 1348 1834 sac-

171 1859 265 1912 tinuit.
309 1861 390 1925 18,t
416 1857 461 1912 De
482 1858 531 1912 loc
554 1864 666 1912 senatus
690 1859 732 1913 ita
786 1863 849 1910 tanc
864 1857 967 1911 aboleri
980 1857 1064 1924 iubet,
1082 1857 1155 1925 quod
1168 1872 1254 1910 unum
1273 1857 1348 1924 effici

172 1948 312 2001 iudicauit
334 1947 414 2001 illum
436 1952 486 2002 aut
511 1947 591 2001 nasci
613 1963 669 2001 non
686 1947 731 2001 cle·
785 1945 917 2014 nequiuit.
942 1975 976 1984 —
1002 1951 1026 2002 6.
1045 1962 1098 2014 quo
1118 1945 1291 2016 praeclarior
1314 1946 1347 1999 in

172 2037 262 2090 luisse
276 2041 326 2090 ant
339 2036 419 2104 mori,
436 2036 508 2104 quod
526 2040 552 2089 et
569 2036 652 2090 nimis
670 2052 730 2090 cru·
783 2050 813 2087 rc
840 2049 869 2102 p.
897 2034 955 2100 suit
981 2050 1075 2101 nano,
1105 2035 1155 2104 qui
1180 2051 1347 2103 quamquam

172 2125 241 2179 ‹lelie
259 2130 284 2179 ct
296 2125 381 2178 nimis
395 2126 474 2179 utilis
486 2125 527 2179 rei
541 2125 671 2193 publicae
688 2126 731 2179 ui·
784 2128 884 2176 cauata
897 2128 994 2190 aetate,
1011 2127 1148 2177 mortuum
1165 2123 1273 2177 iustitio
1292 2124 1345 2178 clo

172 2213 288 2267 deretur.
328 2219 369 2281 l't,
385 2219 399 2267 7
413 2230 479 2268 nam
493 2219 518 2268 et
531 2213 646 2281 infinita
663 2214 731 2268 mul·
784 2213 882 2282 nmque
900 2212 1046 2282 lupenclum
1059 2228 1182 2277 sonuere,
1201 2213 1345 2267 adstruen-

173 2306 262 2355 torum
271 2303 351 2357 caede
365 2304 501 2359 crudelior
510 2304 620 2358 habitus
633 2309 658 2357 et
671 2320 732 2357 cum
786 2307 823 2355 tes
850 2302 929 2356 illum
957 2303 1059 2356 iustum
1085 2301 1165 2356 nasci
1188 2306 1237 2354 ant
1262 2302 1347 2356 emori

174 2390 287 2458 adelam
306 2392 486 2447 calameta.
505 2392 629 2462 (eunt).
660 2396 731 2460 lt,6
785 2391 895 2445 minime
918 2391 1083 2445 conuenisse.
1108 2421 1142 2429 -
1167 2396 1207 2444 10.
1235 2391 1346 2445 Horum

174 2480 290 2550 (lenique
300 2487 501 2549 copnomentum
511 2482 733 2536 Pertinacismon
785 2480 899 2548 infinita
922 2482 1002 2535 caede
1024 2481 1162 2536 crudelior
1182 2481 1294 2535 halitus
1312 2497 1346 2535 ac

174 2573 230 2622 tam
248 2585 282 2623 ca
299 2586 351 2624 sna
369 2571 511 2624 uoluntate
529 2575 609 2639 atquc
627 2586 733 2625 mormn
785 2576 958 2638 capnomenlo
971 2569 1108 2624 Pertinace
1114 2589 1125 2635 ,·
1138 2587 1302 2639 quamquam
1311 2571 1344 2625 ab

167 2659 343 2726 parsimonia
360 2659 472 2713 uidetur
486 2659 619 2713 latuisse.
659 2664 731 2726 17,‘t
785 2659 861 2713 uitae
886 2660 1085 2734 parsimoniam
1112 2659 1226 2713 similem
1254 2660 1345 2728 ipsam

172 2750 197 2800 ot
215 2762 276 2800 cum
290 2749 402 2817 qnidam
416 2765 449 2802 ea
462 2748 584 2803 lostilus
602 2749 688 2802 cidem
705 2764 733 2802 sc
785 2749 874 2817 mopis
893 2748 1042 2802 adsciuisse
1056 2749 1153 2816 plnres
1168 2752 1278 2816 patent,
1296 2764 1344 2802 no

171 2835 332 2904 suppliciter
350 2838 491 2906 optulisset
511 2842 592 2908 atquc
609 2839 732 2905 dixisset,
786 2837 828 2891 tis
844 2853 920 2895 mene
933 2837 971 2891 ael
984 2838 1146 2891 credenolum
1160 2853 1252 2906 prona
1270 2853 1344 2891 accr-

171 2924 218 2978 ille
234 2965 240 2978 .
258 2966 263 2979 .
279 2966 285 2978 .
302 2967 308 2980 .
323 2927 396 2994 quod
418 2928 545 2994 facturus
569 2932 650 2994 esset,
675 2942 732 2981 non
786 2926 868 2980 litati
881 2927 1046 2993 impositum.
1072 2942 1138 2980 nam
1152 2942 1213 2980 cnm
1230 2926 1344 2995 quidam

172 3013 306 3068 emollitus
329 3020 385 3068 tam
400 3017 536 3086 prudente
558 3017 630 3070 elicto
648 3017 731 3070 inter·
785 3014 915 3080 hostium,
938 3031 1015 3084 quem
1033 3019 1143 3069 tamen.
1160 3054 1166 3066 .
1181 3057 1187 3069 .
1203 3056 1209 3068 .
1223 3016 1344 3071 amolitio

172 3102 220 3168 foci
234 3118 294 3156 eum
307 3104 396 3158 iussit.
425 3109 449 3159 8.
464 3106 520 3172 fnit
530 3110 674 3173 praeterea
687 3105 731 3158 cle-
786 3103 839 3158 loci
866 3105 904 3158 ael
926 3103 1060 3157 Albinum
1087 3104 1232 3170 detulerat,
1260 3121 1344 3159 cansa

113 3220 115 3224 ·
171 3191 317 3246 leniturum
339 3194 456 3262 cupidus
479 3194 631 3257 factiormm
645 3209 732 3262 prope
785 3191 1343 3263 eapositonouissimeconclusisset‘Quicl,

172 3297 190 3333 a
203 3280 280 3335 nullo
294 3298 438 3351 conpressu
453 3283 590 3351 dipressus
603 3283 660 3336 nisi
673 3284 730 3337 uic·
784 3297 892 3350 quaeso,
904 3283 1017 3349 faceres,
1035 3283 1061 3336 si
1074 3287 1105 3336 tu
1119 3281 1218 3336 esses?
1238 3283 1286 3337 ille
1303 3300 1343 3337 re·

171 3374 223 3424 tor.
263 3376 309 3440 18,
331 3377 344 3424 1
366 3371 514 3426 Persarum
532 3387 619 3441 repom
638 3370 731 3439 Alpa·
784 3371 896 3438 spondit
917 3371 981 3425 ‘Ea
995 3371 1159 3440 perferrem,
1187 3388 1257 3440 quae
1281 3372 1342 3426 tu'.

172 3475 234 3513 rmn
257 3460 367 3529 sucepit.
404 3459 517 3514 Arabas
538 3460 570 3513 in
596 3460 731 3514 diciorum
785 3463 906 3516 12.—13.
922 3460 962 3514 At
975 3463 1026 3515 isle
1040 3462 1217 3517 delendorum
1226 3461 1343 3530 cupidus

263 3640 289 3708 1)
308 3639 375 3694 Deis
398 3636 503 3707 Eutrop
527 3636 573 3692 dio
596 3637 630 3693 H.
656 3638 690 3694 A.
714 3637 949 3708 ausgeschrisbsn
972 3640 1058 3707 habe,
1080 3639 1150 3693 wird
1174 3655 1247 3694 zwar
1267 3640 1341 3695 noch

170 3726 221 3780 hin
247 3727 304 3781 und
327 3727 431 3782 wieder
452 3725 608 3795 behauptet
626 3728 720 3796 (cogar
738 3743 793 3781 von
811 3726 933 3781 Teuffol⁶
947 3733 1012 3794 415,
1028 3734 1043 3781 2
1060 3727 1086 3782 S.
1103 3729 1194 3798 1048),
1217 3728 1257 3782 ist
1275 3729 1343 3783 aber

171 3814 251 3870 nicht
269 3813 444 3884 stichhultig.
481 3814 597 3868 Warum
617 3815 700 3870 sollte
716 3816 797 3885 jones
823 3833 875 3870 nur
893 3815 945 3869 mit
964 3816 1028 3869 dem
1047 3815 1164 3871 zweiten
1181 3816 1342 3888 Abschnitt,

171 3903 220 3958 dor
239 3921 289 3957 oue
308 3901 386 3958 einer
404 3919 460 3958 von
478 3896 542 3956 derb
563 3909 587 3959 1.
605 3903 663 3957 und
682 3911 707 3958 3.
728 3903 818 3973 vallig
841 3901 1058 3958 verschiedenen
1078 3905 1176 3970 Qualis
1202 3906 1342 3976 gefloesen

171 3993 221 4062 ist,
246 3990 405 4063 geschehon
428 3990 505 4046 sein?
542 3990 622 4046 Doch
640 4009 706 4063 mog
723 4011 789 4048 man
815 3992 875 4048 dies
894 3992 959 4047 dem
978 3993 1071 4048 Zulall
1088 3993 1285 4066 auschreibsn,
1309 4012 1340 4050 so

171 4083 222 4136 hat
240 4081 327 4136 ellein
344 4083 452 4151 Eutrop
470 4078 516 4135 die
535 4079 656 4148 riehtige
669 4081 832 4152 Beziehung
850 4081 900 4136 dor
917 4081 1010 4152 Spiele
1030 4083 1081 4137 auf
1096 4084 1151 4138 den
1164 4083 1340 4140 Markoman-

171 4171 286 4240 nensieg
303 4168 496 4237 beibehulten,
516 4168 649 4223 withrend
667 4168 713 4224 bei
732 4170 798 4240 Cap.
813 4176 828 4236 ᾖ
845 4177 860 4224 7
879 4172 910 4225 in
928 4189 1037 4227 munere
1055 4178 1143 4227 autem
1157 4174 1271 4242 publico
1286 4175 1339 4230 etc.

173 4257 244 4312 ohne
264 4258 510 4327 Zueammenhong
532 4257 583 4325 ist,
607 4259 664 4311 und
687 4257 727 4312 iet
749 4261 823 4314 auch
846 4262 926 4314 sonet
949 4261 979 4315 in
997 4260 1191 4315 Einzelheiten
1209 4279 1340 4332 genauer.

171 4345 253 4401 Noch
279 4346 402 4417 weniger
425 4346 496 4402 wird
521 4365 586 4402 man
611 4363 648 4401 an
670 4347 883 4419 Abhongigkeit
906 4350 954 4404 des
973 4350 1073 4406 Victor
1095 4367 1149 4404 von
1174 4349 1224 4406 der
1246 4351 1280 4407 Η.
1306 4355 1340 4408 A.

173 4435 284 4491 denken
302 4436 423 4493 konnen.
