3038 5024
171 287 214 351 56
472 286 506 340 ll.
536 286 592 341 Dae
611 284 772 340 verheltuis
791 304 825 339 zu
844 284 898 339 den
917 283 1044 350 Quellen.

385 447 500 515 (Herod.
516 446 568 501 Vll
584 453 607 515 1,
622 452 701 515 9-2,
718 448 757 515 1)ι

173 551 280 608 ἀκοντιι
309 553 357 608 καί
380 548 468 607 οὗδέν
496 550 649 623 προειδότα
677 549 833 622 στρατηγόν
863 550 971 608 έαυτιὶν

173 641 355 713 κατέστησαν,
384 637 544 713 πορφύρα
572 662 606 697 τε
636 643 684 696 καί
704 644 769 712 πυρλ
790 641 969 713 προπομπεύ-

173 755 247 797 οντι,
275 728 419 801 ὀλεθρίοις
453 738 559 801 τιμαῖς,
593 727 766 801 ἐκόσμησαν,
797 729 847 787 έπί
866 753 895 787 τε
920 733 971 803 τὴν

172 818 262 891 ἀρχὴν
288 817 358 889 ἦγον
384 815 456 874 ούτι
480 817 702 891 βουλόμενον.
743 814 877 884 ἐκεῖνος
911 819 971 891 μέν

174 904 235 965 ούν
250 905 281 964 έν
297 911 328 981 τῇ
345 910 432 980 σκηνῇ
453 904 608 962 καθεύδων
628 904 844 981 ἐπιβουλευθεὶς
862 908 971 978 νύκτωρ

174 999 324 1067 αἰφνιδίως
343 993 473 1068 ἀνῃρέθη
503 992 559 1050 ύπό
588 998 639 1051 τού
667 996 803 1061 συνόντος
827 995 904 1073 αύτῷ
924 1001 972 1054 καί
993 991 996 997 ’

173 1089 328 1150 δοκοῦντος
351 1088 467 1155 φίλου,
495 1091 560 1140 τῶν
585 1106 619 1140 τε
638 1081 825 1155 Όοροηνῶν
850 1089 971 1156 πρότε-

166 1175 235 1246 1ρον
252 1174 410 1246 ἡγουμένου
426 1170 582 1245 (Μακεδνὸν
601 1168 636 1243 ἦν
656 1171 746 1246 ὄνομα
765 1173 861 1248 αύτῷ),
881 1181 973 1232 καίτοι

173 1272 223 1336 τῆς
251 1262 380 1334 ἁρπαγῆς
408 1263 528 1331 καὶτῆς
551 1261 732 1327 ἀποστάσεως
760 1261 886 1335 ἀρχηγοῦ
915 1274 972 1328 τοίς

172 1351 333 1423 Ὀοροηνοῖς
364 1344 533 1423 γενομένου·
570 1345 602 1414 δς
630 1347 768 1423 οὐδεμίαν
801 1353 895 1409 αἰτίαν
929 1354 972 1425 ἔγ·

174 1449 249 1511 θρας
283 1437 347 1497 οὔτε
382 1442 479 1511 μίσους
512 1439 583 1510 ἔχων
621 1437 789 1497 ἀπέκτεινεν
822 1438 855 1498 δν
888 1441 974 1508 αύτὸς

175 1527 285 1601 ἥρπασέ
318 1551 347 1586 τε
382 1531 430 1583 καὶ
458 1526 622 1599 ἀνέπεισεν,
647 1527 775 1600 οίόμενός
803 1552 832 1586 τε
866 1529 974 1603 μεγόλα

175 1624 341 1692 χαρίζεσθαι
373 1621 409 1689 τῷ
444 1621 596 1690 Μαξιμίνῳ
626 1618 679 1687 τὴν
712 1619 841 1691 κεφαλὴν
873 1619 973 1676 ἀποτε-

176 1708 235 1780 μίον
268 1707 406 1780 ἐκόμισεν.
453 1703 468 1763 ὃ
497 1707 529 1763 δέ
558 1704 635 1778 ἥσθη
668 1707 719 1779 μέν
753 1706 800 1764 ἐπὶ
827 1712 864 1784 τῷ
894 1711 974 1785 ἔργῳ,

176 1799 323 1868 στερηθείς
350 1796 382 1852 δέ
411 1801 559 1867 πολεμίου,
593 1793 630 1859 ὡς
658 1794 741 1870 ᾤετο,
775 1794 885 1854 ἐκεῖνον
914 1799 974 1870 μέν,

176 1890 269 1942 καίτοι
297 1883 403 1957 μεγάλα
428 1883 576 1952 ἐλπίζοντα
605 1886 654 1939 καὶ
686 1889 828 1943 δοκοῦντα
856 1884 976 1961 ἀμοιβῆς

177 1972 322 2044 ίξαιρὲτου
361 1973 534 2042 τεύξεσθαι,
571 1972 740 2030 ἀπέκτεινεν
773 1973 810 2039 ὡς
842 1978 891 2032 καλ
926 1979 976 2047 της

177 2061 358 2127 ἀποστάσεως
381 2059 520 2134 γεγονότα
543 2058 668 2132 ἀρχηγὸν
693 2065 741 2118 καί
765 2060 975 2121 ἀποκτείναντα

177 2148 211 2209 δν
230 2150 317 2216 αὐτὸς
332 2150 438 2208 ἀκοντα
458 2148 618 2221 ἀνέπεισεν,
637 2150 758 2208 ἀπιστόν
777 2173 806 2208 τε
821 2154 976 2224 γενόμενον

1062 445 1306 516 (Max.11,1—6):

1026 559 1050 608 et
1069 554 1242 622 desiderium,
1260 570 1345 621 quem

1026 640 1201 696 aMaximino
1212 641 1287 711 apud
1298 658 1345 697 eos

1026 729 1149 784 occisum
1164 746 1224 785 εεεο
1234 734 1344 785 consta-

1026 818 1346 888 bat‚neealiudpereua·

1027 906 1087 959 den'
1101 910 1240 975 potuerat.
1268 910 1344 965 deni·

1026 1013 1076 1065 que
1087 999 1168 1052 etiam
1177 999 1233 1066 ι’μιί
1243 998 1345 1068 Titum,

1027 1084 1345 1156 nnumexeuineibidu-

1027 1191 1080 1230 aem
1099 1181 1179 1245 atque
1201 1177 1345 1246 imperata-

1026 1280 1082 1317 rem
1108 1265 1244 1334 feeerunt,
1271 1283 1348 1337 quem

1027 1354 1350 1424 Maximinuepre'ualum

1028 1442 1085 1495 iam
1098 1443 1247 1499 dimiserat.
1270 1463 1349 1514 quem

1028 1533 1136 1599 quidem
1163 1538 1188 1587 et
1215 1550 1348 1605 purpura

1028 1621 1348 1694 circumdederuntueaia

1029 1711 1169 1778 adparatu
1210 1720 1347 1767 ornarunt

1030 1801 1059 1851 et
1077 1799 1156 1865 quasi
1182 1798 1225 1852 eui
1245 1798 1349 1854 milites

1030 1886 1244 1956 obsaepserunt‚
1267 1895 1292 1944 ιλ
1305 1891 1348 1943 in-

1028 1977 1117 2030 uitum
1123 1979 1239 2046 quidem.
1252 1979 1350 2033 sedhic

1029 2065 1165 2120 dormiens
1188 2067 1263 2121 domi
1283 2083 1350 2121 suae

1031 2155 1065 2208 ab
1076 2171 1132 2210 κκο
1142 2172 1175 2209 ετ
1185 2157 1282 2210 amieis
1291 2159 1350 2210 ειιίε

177 2243 241 2314 περὶ
260 2241 310 2298 τόν
330 2245 421 2310 φίλον.
1031 2245 1351 2313 ιίιίοκίισίκειυί,ηκὶείδι’

231 2332 362 2387 τοιαῦται
384 2330 437 2400 μέν
465 2327 500 2400 δή
529 2350 604 2393 τινες
631 2330 720 2386 αίτίαι
749 2331 790 2387 ἔτι
818 2334 924 2403 μᾶλλον
949 2329 978 2397 ές
1031 2333 1350 2403 ‹lalur'le'llumeseeprae-

178 2420 336 2493 τραχύτητα
359 2421 407 2475 καί
436 2416 565 2490 ὠμότητα
588 2416 734 2490 ἠκόνησαν
762 2418 814 2490 τὴν
838 2422 887 2476 τού
913 2427 978 2477 Μα-
1027 2422 1158 2490 positum,
1184 2421 1350 2477 Macedonio

178 2514 288 2582 ξιμίνου
317 2507 425 2579 ψυχήν,
459 2510 506 2563 καί
534 2507 671 2577 πρότερον
704 2504 776 2564 ούτω
804 2519 978 2579 πεφυκυῖαν.
1031 2511 1282 2580 momine‚quieum
1292 2511 1350 2566 Mn·

179 2595 214 2671 ἦν
237 2599 270 2655 δέ
295 2599 342 2653 καί
366 2597 416 2667 τὴν
441 2595 511 2665 ὄψιν
535 2596 745 2670 φοβερώτατος,
773 2599 823 2654 καί
849 2599 978 2669 μέγιστος
1031 2599 1135 2654 nimino
1150 2598 1277 2669 prodidit
1290 2603 1350 2670 qui-

180 2688 210 2744 τό
231 2691 319 2760 σῶμα,
337 2684 375 2750 ὡς
394 2685 431 2757 μη
450 2686 554 2762 ρ’ριδίως
573 2683 650 2758 αύτῷ
671 2687 733 2742 τινὰ
753 2689 821 2759 μήτε
837 2685 977 2758 Ἑλλήνων
1031 2691 1350 2758 queeaputeiuradim·

179 2783 235 2834 τῶν
264 2775 487 2848 σωμασκούντων
524 2774 593 2846 μήτε
626 2775 776 2849 βαρβάρων
808 2779 864 2832 τῶν
897 2798 976 2849 μαγι-
1028 2779 1352 2846 perataremdetulit.sed

179 2866 314 2937 μωτάτων
334 2864 506 2933 έξισούσδαι.
1032 2865 1208 2921 Maximinus
1220 2869 1311 2937 prium
1325 2870 1351 2922 τί

234 2952 381 3026 διοικήσας
422 2954 453 3010 δέ
491 2952 526 3009 τὰ
568 2955 775 3025 προειρημένα,
812 2954 906 3010 πάντα
947 2977 976 3012 τε
1031 2956 1350 3026 9νσίίαετμὶί,μοείσωίο-

1032 3061 1092 3098 men
1123 3051 1155 3099 nt
1182 3047 1351 3114 proditorem

1032 3134 1351 3190 adiolabur'teloaa'dil.

1031 3222 1351 3278 leisrebusinde'eer'nma-

1031 3312 1096 3365 nior
1112 3311 1207 3379 fiebat,
1229 3312 1353 3378 ferarum

1033 3401 1354 3468 more,quaeuulneratae

1033 3490 1120 3557 ικοςίσ
1148 3489 1351 3546 exulcerantur.

1071 3579 1137 3632 Part
1164 3578 1229 3632 haee
1251 3579 1354 3632 tramit

1033 3668 1065 3720 im
1094 3665 1270 3720 Germaniam
1293 3683 1354 3721 enm

1033 3756 1108 3809 aneni
1125 3755 1245 3810 eaeraitu
1260 3771 1282 3808 ο.
1294 3773 1320 3823 q.
1331 3773 1352 3810 ε.

273 3862 517 3947 Sehwieriglreit
544 3863 680 3927 bereitel
706 3887 768 3928 nur
797 3843 856 3928 der¹
880 3863 984 3929 Neme
1002 3865 1095 3929 Titus
1120 3862 1153 3927 in
1177 3865 1233 3927 der
1251 3863 1290 3927 H.
1306 3863 1355 3949 A„

183 3970 335 4035 wilhrend
353 3969 517 4034 Herodian
541 3969 599 4033 ihn
624 3973 831 4055 Κουαρτῑνος
854 3975 969 4034 nennt:
992 3969 1157 4036 vielleicht
1179 3970 1269 4035 halle
1293 3970 1354 4034 De-

183 4079 299 4162 xippos
327 4077 384 4140 das
412 4076 594 4141 Pranomen
627 4099 684 4140 aus
713 4077 826 4161 irgend
860 4076 948 4140 einer
979 4078 1118 4142 anderen
1145 4077 1256 4153 Quelle
1283 4100 1354 4142 vor-

185 4205 327 4269 gezogen
356 4182 422 4255 und
450 4183 518 4247 ihm
546 4183 677 4268 folgend
704 4182 886 4247 Trebellius
914 4185 980 4248 und
1008 4184 1060 4248 bei
1089 4184 1177 4248 einer
1204 4188 1354 4267 spllteren

184 4289 335 4356 Einsieht
359 4288 575 4373 Capitolinae,
604 4290 681 4383 oder
704 4289 868 4355 Herodian
895 4290 939 4355 ist
967 4290 1104 4375 flfiohtig
1128 4290 1205 4355 oder
1227 4289 1261 4354 in
1284 4312 1353 4355 ver-

185 4398 315 4461 derbter
339 4380 587 4481 llberlieferung
610 4396 739 4481 gelesen
761 4397 900 4461 worden.

180 3044 229 3102 τὸν
260 3040 379 3115 στρατόν
403 3040 564 3116 ἀναλαβών,
594 3045 641 3098 καλ
666 3043 767 3116 διαβάς
790 3041 908 3118 ἀφόβως
926 3042 977 3115 τὴν

180 3133 318 3207 γέφυραν,
338 3136 428 3202 είχετο
452 3134 501 3202 τῆς
523 3129 594 3202 πρὸς
614 3129 779 3203 Γερμανούς
797 3131 895 3204 μάγης,
